@online{impossiblebetter,
  author  = {Richard Feldman},
  title   = {Making Impossible States Impossible},
  year    = {2016},
  url     = {https://youtu.be/IcgmSRJHu_8?si=P9aJVPx8e9lDOCOO&t=477},
  urldate = {2024-08-20}
}

@online{fplanggoogletrend,
  author  = {{Google Trends}},
  title   = {Erlangin, Haskelin, OCamlin, Elixirin ja Scalan suosiokehitys},
  year    = {2024},
  url     = {https://trends.google.com/trends/explore/TIMESERIES/1724633400?hl=fi&tz=-180&date=all&hl=fi&q=%2Fm%2F02mm3,%2Fm%2F03j_q,%2Fm%2F09wmx,%2Fm%2F0pl075p,%2Fm%2F091hdj&sni=3 },
  urldate = {2024-08-26}
}

@online{fpvsnormallanggoogletrend,
  author  = {{Google Trends}},
  title   = {Elixirin suosio verrattuna suurimpiin ohjelmointikieliin},
  year    = {2024},
  url     = {https://trends.google.com/trends/explore?date=all&q=%2Fm%2F0pl075p,%2Fm%2F02p97,%2Fm%2F05z1_,%2Fm%2F0jgqg&hl=fi},
  urldate = {2024-08-26}
}
  
@online{prematureoptimization,
  author  = {{C2 Wiki}},
  title   = {Premature Optimization},
  year    = {2024},
  url     = {https://wiki.c2.com/?PrematureOptimization},
  urldate = {2024-08-26}
}

@article{dijkstra_humble_programmer,
  author     = {Dijkstra, Edsger W.},
  title      = {The humble programmer},
  year       = {1972},
  issue_date = {Oct. 1972},
  publisher  = {Association for Computing Machinery},
  address    = {New York, NY, USA},
  volume     = {15},
  number     = {10},
  issn       = {0001-0782},
  url        = {https://doi.org/10.1145/355604.361591},
  doi        = {10.1145/355604.361591},
  journal    = {Commun. ACM},
  month      = {oct},
  pages      = {859–866},
  numpages   = {8}
}

  
@online{mdn_set_methods,
  author  = {{MDN Web Docs}},
  title   = {New JavaScript Set methods},
  year    = {2024},
  url     = {https://developer.mozilla.org/en-US/blog/javascript-set-methods/},
  urldate = {2024-08-26}
}

@online{tc39_iterator_helpers,
  author  = {{TC39}},
  title   = {Iterator Helpers},
  url     = {https://tc39.es/proposal-iterator-helpers/},
  urldate = {2024-08-26}
}
  
@online{mdn_array_map,
  author  = {{MDN Web Docs}},
  title   = {Array.prototype.map},
  url     = {https://developer.mozilla.org/en-US/docs/Web/JavaScript/Reference/Global_Objects/Array/map},
  urldate = {2024-08-26}
}

@online{mdn_array_filter,
  author  = {{MDN Web Docs}},
  title   = {Array.prototype.filter},
  url     = {https://developer.mozilla.org/en-US/docs/Web/JavaScript/Reference/Global_Objects/Array/filter},
  urldate = {2024-08-26}
}

@online{mdn_array_reduce,
  author  = {{MDN Web Docs}},
  title   = {Array.prototype.reduce},
  url     = {https://developer.mozilla.org/en-US/docs/Web/JavaScript/Reference/Global_Objects/Array/reduce},
  urldate = {2024-08-26}
}

@online{mdn_set_union,
  author  = {{MDN Web Docs}},
  title   = {Set.prototype.union},
  url     = {https://developer.mozilla.org/en-US/docs/Web/JavaScript/Reference/Global_Objects/Set/union},
  urldate = {2024-08-26}
}

@online{mdn_set_intersection,
  author  = {{MDN Web Docs}},
  title   = {Set.prototype.intersection},
  url     = {https://developer.mozilla.org/en-US/docs/Web/JavaScript/Reference/Global_Objects/Set/intersection},
  urldate = {2024-08-26}
}

@manual{oracle_stream_api,
  author  = {{Oracle}},
  title   = {Interface {Stream} - Java {Platform SE} 8},
  url     = {https://docs.oracle.com/javase/8/docs/api/java/util/function/package-summary.html},
  urldate = {2024-08-26}
}

@manual{oracle_function_package,
  author  = {{Oracle}},
  title   = {Package {java.util.function} - Java {Platform SE} 8},
  url     = {https://docs.oracle.com/javase/8/docs/api/java/util/function/package-summary.html},
  urldate = {2024-08-26}
}

